<record><leader>00000cas a22000007a 4500</leader><controlfield tag="001">6647520</controlfield><controlfield tag="008">800822d19701986lauwr ne      0   a0eng d</controlfield><controlfield tag="009">769</controlfield><datafield ind1=" " ind2=" " tag="010"><subfield code="a">sn 86014788 </subfield></datafield><datafield ind1=" " ind2=" " tag="040"><subfield code="a">LNU</subfield><subfield code="b">eng</subfield><subfield code="c">LNU</subfield><subfield code="d">NSD</subfield><subfield code="d">LNP</subfield><subfield code="d">OCL</subfield><subfield code="d">OCLCQ</subfield></datafield><datafield ind1=" " ind2=" " tag="012"><subfield code="j">0</subfield></datafield><datafield ind1=" " ind2=" " tag="019"><subfield code="a">19997175</subfield></datafield><datafield ind1="1" ind2=" " tag="022"><subfield code="a">0887-4344</subfield><subfield code="l">0887-4344</subfield><subfield code="2">1</subfield></datafield><datafield ind1="1" ind2=" " tag="029"><subfield code="a">AU@</subfield><subfield code="b">000025824944</subfield></datafield><datafield ind1=" " ind2=" " tag="037"><subfield code="b">City News, 2520 Belle Chasse Hwy., Gretna, LA 70053</subfield></datafield><datafield ind1=" " ind2=" " tag="042"><subfield code="a">nsdp</subfield></datafield><datafield ind1="0" ind2=" " tag="130"><subfield code="a">City news (Kenner, La.)</subfield></datafield><datafield ind1=" " ind2="0" tag="222"><subfield code="a">City news</subfield><subfield code="b">(Kenner, La.)</subfield></datafield><datafield ind1="0" ind2="4" tag="245"><subfield code="a">The city news.</subfield></datafield><datafield ind1="3" ind2="0" tag="246"><subfield code="a">Kenner guide city news</subfield></datafield><datafield ind1="1" ind2="3" tag="246"><subfield code="a">Kenner city news</subfield></datafield><datafield ind1="1" ind2="7" tag="246"><subfield code="a">Kenner guide/City news</subfield></datafield><datafield ind1=" " ind2=" " tag="260"><subfield code="a">Kenner, La. :</subfield><subfield code="b">Kenner City News</subfield></datafield><datafield ind1=" " ind2=" " tag="300"><subfield code="a">v. :</subfield><subfield code="b">ill. ;</subfield><subfield code="c">58 cm.</subfield></datafield><datafield ind1=" " ind2=" " tag="310"><subfield code="a">Weekly</subfield></datafield><datafield ind1="0" ind2=" " tag="362"><subfield code="a">Vol. 1, no. 1 (Feb. 26, 1970)-</subfield></datafield><datafield ind1="1" ind2=" " tag="362"><subfield code="a">Ceased in 1986?</subfield></datafield><datafield ind1=" " ind2=" " tag="752"><subfield code="a">United States</subfield><subfield code="b">Louisiana</subfield><subfield code="c">Jefferson</subfield><subfield code="d">Kenner.</subfield></datafield><datafield ind1="0" ind2="7" tag="785"><subfield code="t">Jefferson business, Jefferson Parish times The Jefferson Democrat</subfield><subfield code="w">(DLC)sn 82005874</subfield></datafield><datafield ind1="0" ind2="7" tag="785"><subfield code="t">Jefferson Parish times &amp; Democrat/Kenner city news</subfield><subfield code="w">(DLC)sn 8702586</subfield></datafield><datafield ind1=" " ind2=" " tag="936"><subfield code="a">Oct. 3, 1985</subfield></datafield></record>